% Encoding: UTF-8

%% works of parallel reasoning

@inproceedings{LehmbergRMB16,
  author    = {Oliver Lehmberg and
               Dominique Ritze and
               Robert Meusel and
               Christian Bizer},
  title     = {A Large Public Corpus of Web Tables containing Time and Context Metadata},
  booktitle = {Proc. of WWW},
  pages     = {75-76},
  year      = {2016}
}

@inproceedings{MeuselBP15,
  author    = {Robert Meusel and
               Christian Bizer and
               Heiko Paulheim},
  title     = {A Web-scale Study of the Adoption and Evolution of the schema.org
               Vocabulary over Time},
  booktitle = {Proc. of WIMS},
  pages     = {15:1-15:11},
  year      = {2015}
}

@inproceedings{MotikNPHO14,
  author    = {Boris Motik and
               Yavor Nenov and
               Robert Piro and
               Ian Horrocks and
               Dan Olteanu},
  title     = {Parallel Materialisation of Datalog Programs in Centralised, Main-Memory
               {RDF} Systems},
  booktitle = {Proc. of AAAI},
  pages     = {129-137},
  year      = {2014}
}

@inproceedings{PetersSZ15,
  author    = {Martin Peters and
               Sabine Sachweh and
               Albert Z{\"{u}}ndorf},
  title     = {Large Scale Rule-Based Reasoning Using a Laptop},
  booktitle = {Proc. of ESWC},
  pages     = {104-118},
  year      = {2015}
}

@article{SubercazeGCL16,
  author    = {Julien Subercaze and
               Christophe Gravier and
               Jules Chevalier and
               Fr{\'{e}}d{\'{e}}rique Laforest},
  title     = {Inferray: fast in-memory {RDF} inference},
  journal   = {J. PVLDB},
  volume    = {9},
  number    = {6},
  pages     = {468-479},
  year      = {2016}
}

@article{SteigmillerLG14,
  author    = {Andreas Steigmiller and
               Thorsten Liebig and
               Birte Glimm},
  title     = {Konclude: System description},
  journal   = {J. Web Sem.},
  volume    = {27},
  pages     = {78-85},
  year      = {2014}
}

@inproceedings{WuH12,
  author    = {Kejia Wu and
               Volker Haarslev},
  title     = {A Parallel Reasoner for the Description Logic {ALC}},
  booktitle = {Proc. of DL},
  pages     = {675-690},
  year      = {2012}
}

@inproceedings{GoodmanJMAAH11,
  author    = {Eric L. Goodman and
               Edward Jimenez and
               David Mizell and
               Sinan Al{-}Saffar and
               Bob Adolf and
               David J. Haglin},
  title     = {High-Performance Computing Applied to Semantic Databases},
  booktitle = {Proc. of ESWC},
  pages     = {31-45},
  year      = {2011}
}

@inproceedings{SomaP08,
  author    = {Ramakrishna Soma and
               Viktor K. Prasanna},
  title     = {A Data Partitioning Approach for Parallelizing Rule Based Inferencing
               for Materialized {OWL} Knowledge Bases},
  booktitle = {Proc. of ISCA},
  pages     = {19-25},
  year      = {2008}
}

@inproceedings{WeaverH09,
  author    = {Jesse Weaver and
               James A. Hendler},
  title     = {Parallel Materialization of the Finite {RDFS} Closure for Hundreds
               of Millions of Triples},
  booktitle = {Proc. of ISWC},
  pages     = {682-697},
  year      = {2009}
}

@inproceedings{KolovskiWE10,
  author    = {Vladimir Kolovski and
               Zhe Wu and
               George Eadon},
  title     = {Optimizing Enterprise-Scale {OWL} 2 {RL} Reasoning in a Relational
               Database System},
  booktitle = {Proc. of ISWC},
  pages     = {436-452},
  year      = {2010}
}

@article{KazakovKS14,
  author    = {Yevgeny Kazakov and
               Markus Kr{\"{o}}tzsch and
               Frantisek Simancik},
  title     = {The Incredible {ELK} - From Polynomial Procedures to Efficient Reasoning
               with $\mathcal{EL}$ Ontologies},
  journal   = {J. Autom. Reasoning},
  pages     = {1-61},
  year      = {2014}
}

@inproceedings{LemboSS13,
  author    = {Domenico Lembo and
               Valerio Santarelli and
               Domenico Fabio Savo},
  title     = {A Graph-Based Approach for Classifying {OWL} 2 {QL} Ontologies},
  booktitle = {Proc. of DL},
  pages     = {747-759},
  year      = {2013}
}

@inproceedings{LiebigM07,
  author    = {Thorsten Liebig and
               Felix M{\"{u}}ller},
  title     = {Parallelizing Tableaux-Based Description Logic Reasoning},
  booktitle = {Proc. of  OTM Workshops},
  pages     = {1135-1144},
  year      = {2007}
}

@inproceedings{SchlichtS08,
  author    = {Anne Schlicht and
               Heiner Stuckenschmidt},
  title     = {Distributed Resolution for {ALC}},
  booktitle = {Proc. of DL},
  pages     = {326-341},
  year      = {2008}
}

@inproceedings{Hoeksema2011,
   author = {Jesper Hoeksema and Spyros Kotoulas},
   title = {{High-performance Distributed Stream Reasoning using S4}},
   booktitle = {Proc. of OOR},
   year = {2011},
}

@inproceedings{HeinoP12,
  author    = {Norman Heino and
               Jeff Z. Pan},
  title     = {{RDFS} Reasoning on Massively Parallel Hardware},
  booktitle = { Proc. Of ISWC},
  pages     = {133-148},
  year      = {2012}
}

@article{UrbaniKMHB12,
  author    = {Jacopo Urbani and
               Spyros Kotoulas and
               Jason Maassen and
               Frank van Harmelen and
               Henri E. Bal},
  title     = {WebPIE: {A} Web-scale Parallel Inference Engine using MapReduce},
  journal   = {J. Web Sem.},
  volume    = {10},
  pages     = {59-75},
  year      = {2012}
}

@article{oren2009marvin,
 author = {Oren, Eyal and
           Kotoulas Spyros and
           Anadiotis George and
           Siebes Ronny and
           ten Teije Annette and
           van Harmelen Frank},
 title = {{Marvin: Distributed reasoning over large-scale Semantic Web data}},
 journal = {J. Web Sem.},
 year = {2009},
 pages = {305-316}
}

@article{HoganHP09,
  author    = {Aidan Hogan and
               Andreas Harth and
               Axel Polleres},
  title     = {Scalable Authoritative {OWL} Reasoning for the Web},
  journal   = {Int. J. Semantic Web Inf. Syst.},
  volume    = {5},
  number    = {2},
  pages     = {49-90},
  year      = {2009}
}




%% other related works

% NC
@Book{Raymond95,
 author    = {Greenlaw, Raymond and Hoover, H. James and Ruzzo, Walter L.},
 title     = {Limits to Parallel Computation: P-Completeness Theory},
 publisher = {Oxford University Press},
 year      = {1995},
 address   = {New York}
}

@article{Valiant90,
  author    = {Leslie G. Valiant},
  title     = {A Bridging Model for Parallel Computation},
  journal   = {Commun. {ACM}},
  pages     = {103-111},
  year      = {1990}
}

@inproceedings{KarloffSV10,
  author    = {Howard J. Karloff and
               Siddharth Suri and
               Sergei Vassilvitskii},
  title     = {A Model of Computation for MapReduce},
  booktitle = {Proc. of SODA},
  pages     = {938-948},
  year      = {2010}
}

% datalog
@book{database,
  author    = {Serge Abiteboul and
                Richard Hull and
               Victor Vianu},
  title     = {{F}oundations of {D}atabases},
  publisher = {Addison-Wesley},
  year      = {1995}
}


% DHL
@inproceedings{GrosofHVD03,
  author    = {Benjamin N. Grosof and
               Ian Horrocks and
               Raphael Volz and
               Stefan Decker},
  title     = {Description logic programs: combining logic programs with description
               logic},
  booktitle = {Proc. of WWW},
  pages     = {48-57},
  year      = {2003}
}

% RL
@article{Horst05,
  author    = {Herman J. ter Horst},
  title     = {Completeness, decidability and complexity of entailment for {RDF}
               Schema and a semantic extension involving the {OWL} vocabulary},
  journal   = {J. Web Sem.},
  volume    = {3},
  number    = {2-3},
  pages     = {79-115},
  year      = {2005}
}

@article{GrauHKKMMW13,
  author    = {Bernardo Cuenca Grau and
               Ian Horrocks and
               Markus Kr{\"{o}}tzsch and
               Clemens Kupke and
               Despoina Magka and
               Boris Motik and
               Zhe Wang},
  title     = {Acyclicity Notions for Existential Rules and Their Application to
               Query Answering in Ontologies},
  journal   = {J. Artif. Intell.},
  volume    = {47},
  pages     = {741-808},
  year      = {2013}
}

%SHIQ
@article{HorrocksS04,
  author    = {Ian Horrocks and
               Ulrike Sattler},
  title     = {Decidability of {SHIQ} with complex role inclusion axioms},
  journal   = {J. Artif. Intell.},
  volume    = {160},
  number    = {1-2},
  pages     = {79-104},
  year      = {2004}
}

% DL-lite
@article{CalvaneseGLLR07,
  author    = {Diego Calvanese and
               Giuseppe {De Giacomo} and
               Domenico Lembo and
               Maurizio Lenzerini and
               Riccardo Rosati},
  title     = {Tractable Reasoning and Efficient Query Answering in Description Logics:
               The \emph{DL-Lite} Family},
  journal   = {J. Autom. Reasoning},
  volume    = {39},
  number    = {3},
  pages     = {385-429},
  year      = {2007}
}

%YAGO
@inproceedings{MahdisoltaniBS15,
  author    = {Farzaneh Mahdisoltani and
               Joanna Biega and
               Fabian M. Suchanek},
  title     = {{YAGO3:} {A} Knowledge Base from Multilingual Wikipedias},
  booktitle = {Proc. of CIDR},
  year      = {2015}
}

@article{SuchanekKW08,
  author    = {Fabian M. Suchanek and
               Gjergji Kasneci and
               Gerhard Weikum},
  title     = {{YAGO:} {A} Large Ontology from Wikipedia and WordNet},
  journal   = {J. Web Sem.},
  volume    = {6},
  number    = {3},
  pages     = {203-217},
  year      = {2008}
}

% other used techniques

@inproceedings{KrotzschRH07,
  author    = {Markus Kr{\"{o}}tzsch and
               Sebastian Rudolph and
               Pascal Hitzler},
  title     = {Complexity Boundaries for Horn Description Logics},
  booktitle = {Proc. of AAAI},
  pages     = {452-457},
  year      = {2007}
}

@inproceedings{Kazakov09,
  author    = {Yevgeny Kazakov},
  title     = {Consequence-Driven Reasoning for Horn {SHIQ} Ontologies},
  booktitle = {{IJCAI} 2009, Proceedings of the 21st International Joint Conference
               on Artificial Intelligence, Pasadena, California, USA, July 11-17,
               2009},
  pages     = {2040-2045},
  year      = {2009}
}

@inproceedings{Allender07,
  author    = {Eric Allender},
  title     = {Reachability Problems: An Update},
  booktitle = {Proc. of CiE},
  pages     = {25-27},
  year      = {2007}
}

@Book{handbook,
  title     = {{T}he {D}escription {L}ogic {H}andbook: {T}heory, {I}mplementation and {A}pplications},
  publisher = {Cambridge University Press},
  year      = {2003},
  author    = {Franz Baader and Diego Calvanese and Deborah L. McGuinness and Daniele Nardi and Peter F. Patel-Schneider},
}

@InProceedings{Elhaik98,
  author    = {Quentin Elhaik and Marie-Christine Rousset and Bernard Ycart},
  title     = {Generating random benchmarks for description logics},
  booktitle = {Proc. of DL},
  year      = {1998},
  pages     = {231-235},
}

@InProceedings{ichiyoshiK92,
  author    = {Nobuyuki Ichiyoshi and Kouichi Kimura},
  title     = {Asymptotic Load Balance of Distributed Hash Tables},
  booktitle = {Proc. of FGCS},
  year      = {1992},
  pages     = {869-876},
}

@InProceedings{zhou-scale-wl4ai2013,
  author    = {Zhangquan Zhou and Guilin Qi and Chang Liu and Pascal Hitzler and Raghava Mutharaju},
  title     = {{Scale reasoning with fuzzy-EL+ ontologies based on MapReduce}},
  booktitle = {Proc.of IJCAI WL4AI-2013},
  year      = {2013},
  pages     = {87-93},
  editors   = {Lluis Godo, Henri Prade, Guilin Qi},
}

@Comment{jabref-meta: databaseType:bibtex;}
